<?xml version="1.0" encoding="UTF-8"?><record xmlns="http://www.loc.gov/MARC21/slim" xmlns:cinclude="http://apache.org/cocoon/include/1.0" xmlns:zs="http://www.loc.gov/zing/srw/">
  <leader>00572cz  a2200145n  4500</leader>
  <controlfield tag="001">n  90704222 </controlfield>
  <controlfield tag="003">DLC</controlfield>
  <controlfield tag="005">19901016140317.6</controlfield>
  <controlfield tag="008">901015n| acannaab|          |a aaa |||  </controlfield>
  <datafield tag="010" ind1=" " ind2=" ">
    <subfield code="a">n  90704222 </subfield>
  </datafield>
  <datafield tag="040" ind1=" " ind2=" ">
    <subfield code="a">DLC</subfield>
    <subfield code="c">DLC</subfield>
    <subfield code="d">DLC</subfield>
  </datafield>
  <datafield tag="100" ind1="1" ind2="0">
    <subfield code="a">Schumm, Wilhelm</subfield>
  </datafield>
  <datafield tag="400" ind1="1" ind2="0">
    <subfield code="a">Schumm</subfield>
  </datafield>
  <datafield tag="670" ind1=" " ind2=" ">
    <subfield code="a">Zur Entwicklungsdynamik des modernen Kapitalismus, c1989:</subfield>
    <subfield code="b">t.p. (Wilhelm Schumm) p. 196 (b. 1937; Prof. f. Soziologie, Fachbereich Gesellschaftswissenschaften, Univ. Frankfurt/Main; dir., Inst. f. Sozialforschung)</subfield>
  </datafield>
  <datafield tag="670" ind1=" " ind2=" ">
    <subfield code="a">LC data base, 10-15-90</subfield>
    <subfield code="b">(hdg.: Schumm, Wilhelm; usage: Schumm)</subfield>
  </datafield>
</record>